@book{Coplien:MPD,
	author = "Petraq Papajorgji, J. and Panos Pardalos, M.",
	title = "{UML Diagrams}",
	publisher = "Springer, Boston, MA",
	year = 2014
}